@article{durand,
  title={Computational methods for hidden Markov tree models-An application to wavelet trees},
  author={Durand, J-B and Goncalves, Paulo and Gu{\'e}don, Yann},
  journal={IEEE Transactions on Signal Processing},
  volume={52},
  number={9},
  pages={2551--2560},
  year={2004},
  publisher={IEEE}
}

@article{berge,
  title={Asymmetric division events promote variability in cell cycle duration in animal cells and Escherichia coli},
  author={Berge, Ulrich and Bochenek, Daria and Schnabel, Ralf and Wehling, Arne and Schroeder, Timm and Stadler, Tanja and Kroschewski, Ruth},
  journal={Nature communications},
  volume={10},
  number={1},
  pages={1--12},
  year={2019},
  publisher={Nature Publishing Group}
}

@article{thmm,
  title={A lineage tree-based hidden Markov model to quantify cellular heterogeneity and plasticity},
  author={Mohammadi, Farnaz and Visagan, Shakthi and Gross, Sean M and Karginov, Luka and Lagarde, JC and Heiser, Laura M and Meyer, Aaron S},
  journal={bioRxiv},
  year={2021},
  publisher={Cold Spring Harbor Laboratory}
}